@article{snmp,
  author={Stallings, W.},
  journal={IEEE Communications Magazine},
  title={SNMP and SNMPv2: the infrastructure for network management},
  year={1998},
  volume={36},
  number={3},
  pages={37-43},
}

@online{pysnmpSNMPLibrary,
	author = {},
	title = {{S}{N}{M}{P} library for {P}ython; {S}{N}{M}{P} library for {P}ython 4.4 documentation},
	url = {https://pysnmp.readthedocs.io/en/latest/},
	year = {},
	note = {[Дата обращения 05.04.2024]},
}

@online{archlinuxLm,
	title = {lm\_sensors},
	url = {https://wiki.archlinux.org/title/Lm_sensors},
	year = {},
	note = {[Дата обращения 05.04.2024]},
}

@book{Mauro2005,
  title     = "Essential {SNMP}",
  author    = "Mauro, Douglas R and Schmidt, Kevin J",
  publisher = "O'Reilly Media",
  edition   =  2,
  month     =  sep,
  year      =  2005,
  address   = "Sebastopol, CA",
  language  = "en"
}


@online{fletIntroductionFlet,
	author = {},
	title = {{I}ntroduction | {F}let -- documentation},
	url = {https://flet.dev/docs/},
	year = {},
	note = {[Дата обращения 05.04.2024]},
}

@book{Alani2014,
  title     = "Guide to {OSI} and {TCP/IP} models",
  author    = "Alani, Mohammed M",
  publisher = "Springer International Publishing",
  series    = "SpringerBriefs in Computer Science",
  edition   =  2014,
  month     =  jul,
  year      =  2014,
  address   = "Basel, Switzerland",
  language  = "en"
}
